[
    {
        'date': '2024-09-28', 'symbol': 'AAPL', 'reportedCurrency': 'USD', 'cik': '0000320193', 'filingDate': '2024-11-01', 'acceptedDate': '2024-11-01 06:01:36', 'fiscalYear': '2024', 'period': 'FY', 'revenue': 391035000000, 'costOfRevenue': 210352000000, 'grossProfit': 180683000000, 'researchAndDevelopmentExpenses': 31370000000, 'generalAndAdministrativeExpenses': 0, 'sellingAndMarketingExpenses': 0, 'sellingGeneralAndAdministrativeExpenses': 26097000000, 'otherExpenses': 0, 'operatingExpenses': 57467000000, 'costAndExpenses': 267819000000, 'netInterestIncome': 0, 'interestIncome': 0, 'interestExpense': 0, 'depreciationAndAmortization': 11445000000, 'ebitda': 134661000000, 'ebit': 123216000000, 'nonOperatingIncomeExcludingInterest': 0, 'operatingIncome': 123216000000, 'totalOtherIncomeExpensesNet': 269000000, 'incomeBeforeTax': 123485000000, 'incomeTaxExpense': 29749000000, 'netIncomeFromContinuingOperations': 93736000000, 'netIncomeFromDiscontinuedOperations': 0, 'otherAdjustmentsToNetIncome': 0, 'netIncome': 93736000000, 'netIncomeDeductions': 0, 'bottomLineNetIncome': 93736000000, 'eps': 6.11, 'epsDiluted': 6.08, 'weightedAverageShsOut': 15343783000, 'weightedAverageShsOutDil': 15408095000
    }, 
        
        {'date': '2023-09-30', 'symbol': 'AAPL', 'reportedCurrency': 'USD', 'cik': '0000320193', 'filingDate': '2023-11-03', 'acceptedDate': '2023-11-02 18:08:27', 'fiscalYear': '2023', 'period': 'FY', 'revenue': 383285000000, 'costOfRevenue': 214137000000, 'grossProfit': 169148000000, 'researchAndDevelopmentExpenses': 29915000000, 'generalAndAdministrativeExpenses': 0, 'sellingAndMarketingExpenses': 0, 'sellingGeneralAndAdministrativeExpenses': 24932000000, 'otherExpenses': 0, 'operatingExpenses': 54847000000, 'costAndExpenses': 268984000000, 'netInterestIncome': -183000000, 'interestIncome': 3750000000, 'interestExpense': 3933000000, 'depreciationAndAmortization': 11519000000, 'ebitda': 125820000000, 'ebit': 114301000000, 'nonOperatingIncomeExcludingInterest': 0, 'operatingIncome': 114301000000, 'totalOtherIncomeExpensesNet': -565000000, 'incomeBeforeTax': 113736000000, 'incomeTaxExpense': 16741000000, 'netIncomeFromContinuingOperations': 96995000000, 'netIncomeFromDiscontinuedOperations': 0, 'otherAdjustmentsToNetIncome': 0, 'netIncome': 96995000000, 'netIncomeDeductions': 0, 'bottomLineNetIncome': 96995000000, 'eps': 6.16, 'epsDiluted': 6.13, 'weightedAverageShsOut': 15744231000, 'weightedAverageShsOutDil': 15812547000}, 
        
        {'date': '2022-09-24', 'symbol': 'AAPL', 'reportedCurrency': 'USD', 'cik': '0000320193', 'filingDate': '2022-10-28', 'acceptedDate': '2022-10-27 18:01:14', 'fiscalYear': '2022', 'period': 'FY', 'revenue': 394328000000, 'costOfRevenue': 223546000000, 'grossProfit': 170782000000, 'researchAndDevelopmentExpenses': 26251000000, 'generalAndAdministrativeExpenses': 0, 'sellingAndMarketingExpenses': 0, 'sellingGeneralAndAdministrativeExpenses': 25094000000, 'otherExpenses': 0, 'operatingExpenses': 51345000000, 'costAndExpenses': 274891000000, 'netInterestIncome': -106000000, 'interestIncome': 2825000000, 'interestExpense': 2931000000, 'depreciationAndAmortization': 11104000000, 'ebitda': 130541000000, 'ebit': 119437000000, 'nonOperatingIncomeExcludingInterest': 0, 'operatingIncome': 119437000000, 'totalOtherIncomeExpensesNet': -334000000, 'incomeBeforeTax': 119103000000, 'incomeTaxExpense': 19300000000, 'netIncomeFromContinuingOperations': 99803000000, 'netIncomeFromDiscontinuedOperations': 0, 'otherAdjustmentsToNetIncome': 0, 'netIncome': 99803000000, 'netIncomeDeductions': 0, 'bottomLineNetIncome': 99803000000, 'eps': 6.15, 'epsDiluted': 6.11, 'weightedAverageShsOut': 16215963000, 'weightedAverageShsOutDil': 16325819000}, 
        
        {'date': '2021-09-25', 'symbol': 'AAPL', 'reportedCurrency': 'USD', 'cik': '0000320193', 'filingDate': '2021-10-29', 'acceptedDate': '2021-10-28 18:04:28', 'fiscalYear': '2021', 'period': 'FY', 'revenue': 365817000000, 'costOfRevenue': 212981000000, 'grossProfit': 152836000000, 'researchAndDevelopmentExpenses': 21914000000, 'generalAndAdministrativeExpenses': 0, 'sellingAndMarketingExpenses': 0, 'sellingGeneralAndAdministrativeExpenses': 21973000000, 'otherExpenses': 0, 'operatingExpenses': 43887000000, 'costAndExpenses': 256868000000, 'netInterestIncome': 198000000, 'interestIncome': 2843000000, 'interestExpense': 2645000000, 'depreciationAndAmortization': 11284000000, 'ebitda': 123136000000, 'ebit': 111852000000, 'nonOperatingIncomeExcludingInterest': -2903000000, 'operatingIncome': 108949000000, 'totalOtherIncomeExpensesNet': 258000000, 'incomeBeforeTax': 109207000000, 'incomeTaxExpense': 14527000000, 'netIncomeFromContinuingOperations': 94680000000, 'netIncomeFromDiscontinuedOperations': 0, 'otherAdjustmentsToNetIncome': 0, 'netIncome': 94680000000, 'netIncomeDeductions': 0, 'bottomLineNetIncome': 94680000000, 'eps': 5.67, 'epsDiluted': 5.61, 'weightedAverageShsOut': 16701272000, 'weightedAverageShsOutDil': 16864919000}, 
        
        {'date': '2020-09-26', 'symbol': 'AAPL', 'reportedCurrency': 'USD', 'cik': '0000320193', 'filingDate': '2020-10-30', 'acceptedDate': '2020-10-29 18:06:25', 'fiscalYear': '2020', 'period': 'FY', 'revenue': 274515000000, 'costOfRevenue': 169559000000, 'grossProfit': 104956000000, 
    'researchAndDevelopmentExpenses': 18752000000, 'generalAndAdministrativeExpenses': 0, 'sellingAndMarketingExpenses': 0, 'sellingGeneralAndAdministrativeExpenses': 19916000000, 'otherExpenses': 0, 'operatingExpenses': 38668000000, 'costAndExpenses': 208227000000, 'netInterestIncome': 890000000, 'interestIncome': 3763000000, 'interestExpense': 2873000000, 'depreciationAndAmortization': 11056000000, 'ebitda': 81020000000, 'ebit': 69964000000, 'nonOperatingIncomeExcludingInterest': -3676000000, 'operatingIncome': 66288000000, 'totalOtherIncomeExpensesNet': 803000000, 'incomeBeforeTax': 67091000000, 'incomeTaxExpense': 9680000000, 'netIncomeFromContinuingOperations': 57411000000, 'netIncomeFromDiscontinuedOperations': 0, 'otherAdjustmentsToNetIncome': 0, 'netIncome': 57411000000, 'netIncomeDeductions': 0, 'bottomLineNetIncome': 57411000000, 'eps': 3.31, 'epsDiluted': 3.28, 'weightedAverageShsOut': 17352119000, 'weightedAverageShsOutDil': 17528214000}

]


url = f"https://financialmodelingprep.com/api/v3/income-statement/{ticker}?period=annual&apikey={settings.FMP_API_KEY}"

[
    {'date': '2024-09-28', 'symbol': 'AAPL', 'reportedCurrency': 'USD', 'cik': '0000320193', 'fillingDate': '2024-11-01', 'acceptedDate': '2024-11-01 06:01:36', 'calendarYear': '2024', 'period': 'FY', 'revenue': 391035000000, 'costOfRevenue': 210352000000, 'grossProfit': 180683000000, 'grossProfitRatio': 0.4620634982, 'researchAndDevelopmentExpenses': 31370000000, 'generalAndAdministrativeExpenses': 0, 'sellingAndMarketingExpenses': 0, 'sellingGeneralAndAdministrativeExpenses': 26097000000, 'otherExpenses': 0, 'operatingExpenses': 57467000000, 'costAndExpenses': 267819000000, 'interestIncome': 0, 'interestExpense': 0, 'depreciationAndAmortization': 11445000000, 'ebitda': 134661000000, 'ebitdaratio': 0.3443707085, 'operatingIncome': 123216000000, 'operatingIncomeRatio': 0.3151022287, 'totalOtherIncomeExpensesNet': 269000000, 'incomeBeforeTax': 123485000000, 'incomeBeforeTaxRatio': 0.3157901467, 'incomeTaxExpense': 29749000000, 'netIncome': 93736000000, 'netIncomeRatio': 0.2397125577, 'eps': 6.11, 'epsdiluted': 6.08, 'weightedAverageShsOut': 15343783000, 'weightedAverageShsOutDil': 15408095000, 'link': 'https://www.sec.gov/Archives/edgar/data/320193/000032019324000123/0000320193-24-000123-index.htm', 'finalLink': 'https://www.sec.gov/Archives/edgar/data/320193/000032019324000123/aapl-20240928.htm'}, 
    
    {'date': '2023-09-30', 'symbol': 'AAPL', 'reportedCurrency': 'USD', 'cik': '0000320193', 'fillingDate': '2023-11-03', 'acceptedDate': '2023-11-02 18:08:27', 'calendarYear': '2023', 'period': 'FY', 'revenue': 383285000000, 'costOfRevenue': 214137000000, 'grossProfit': 169148000000, 'grossProfitRatio': 0.4413112958, 'researchAndDevelopmentExpenses': 29915000000, 'generalAndAdministrativeExpenses': 0, 'sellingAndMarketingExpenses': 0, 'sellingGeneralAndAdministrativeExpenses': 24932000000, 'otherExpenses': 0, 'operatingExpenses': 54847000000, 'costAndExpenses': 268984000000, 'interestIncome': 3750000000, 'interestExpense': 3933000000, 'depreciationAndAmortization': 11519000000, 'ebitda': 125820000000, 'ebitdaratio': 0.3282674772, 'operatingIncome': 114301000000, 'operatingIncomeRatio': 0.2982141227, 'totalOtherIncomeExpensesNet': -565000000, 'incomeBeforeTax': 113736000000, 'incomeBeforeTaxRatio': 0.2967400237, 'incomeTaxExpense': 16741000000, 'netIncome': 96995000000, 'netIncomeRatio': 0.2530623426, 'eps': 6.16, 'epsdiluted': 6.13, 'weightedAverageShsOut': 15744231000, 'weightedAverageShsOutDil': 15812547000, 'link': 'https://www.sec.gov/Archives/edgar/data/320193/000032019323000106/0000320193-23-000106-index.htm', 'finalLink': 'https://www.sec.gov/Archives/edgar/data/320193/000032019323000106/aapl-20230930.htm'}, 
    {'date': '2022-09-24', 'symbol': 'AAPL', 'reportedCurrency': 'USD', 'cik': '0000320193', 'fillingDate': '2022-10-28', 'acceptedDate': '2022-10-27 18:01:14', 'calendarYear': '2022', 'period': 'FY', 'revenue': 394328000000, 'costOfRevenue': 223546000000, 'grossProfit': 170782000000, 'grossProfitRatio': 0.4330963056, 'researchAndDevelopmentExpenses': 26251000000, 'generalAndAdministrativeExpenses': 0, 'sellingAndMarketingExpenses': 0, 'sellingGeneralAndAdministrativeExpenses': 25094000000, 'otherExpenses': 0, 
'operatingExpenses': 51345000000, 'costAndExpenses': 274891000000, 'interestIncome': 2825000000, 'interestExpense': 2931000000, 'depreciationAndAmortization': 11104000000, 'ebitda': 130541000000, 'ebitdaratio': 0.3310467428, 'operatingIncome': 119437000000, 'operatingIncomeRatio': 0.302887444, 'totalOtherIncomeExpensesNet': -334000000, 'incomeBeforeTax': 119103000000, 'incomeBeforeTaxRatio': 0.3020404333, 'incomeTaxExpense': 19300000000, 'netIncome': 99803000000, 'netIncomeRatio': 0.2530964071, 'eps': 6.15, 'epsdiluted': 6.11, 'weightedAverageShsOut': 
16215963000, 'weightedAverageShsOutDil': 16325819000, 'link': 'https://www.sec.gov/Archives/edgar/data/320193/000032019322000108/0000320193-22-000108-index.htm', 'finalLink': 'https://www.sec.gov/Archives/edgar/data/320193/000032019322000108/aapl-20220924.htm'}, 

{'date': '2021-09-25', 'symbol': 'AAPL', 'reportedCurrency': 'USD', 'cik': '0000320193', 'fillingDate': '2021-10-29', 'acceptedDate': '2021-10-28 18:04:28', 'calendarYear': '2021', 'period': 'FY', 'revenue': 365817000000, 'costOfRevenue': 212981000000, 'grossProfit': 152836000000, 'grossProfitRatio': 0.4177935963, 'researchAndDevelopmentExpenses': 21914000000, 'generalAndAdministrativeExpenses': 0, 'sellingAndMarketingExpenses': 0, 'sellingGeneralAndAdministrativeExpenses': 21973000000, 'otherExpenses': 0, 'operatingExpenses': 43887000000, 'costAndExpenses': 256868000000, 'interestIncome': 2843000000, 'interestExpense': 2645000000, 'depreciationAndAmortization': 11284000000, 'ebitda': 123136000000, 'ebitdaratio': 0.3366054612, 'operatingIncome': 108949000000, 'operatingIncomeRatio': 0.2978237753, 'totalOtherIncomeExpensesNet': 258000000, 'incomeBeforeTax': 109207000000, 'incomeBeforeTaxRatio': 0.2985290459, 'incomeTaxExpense': 14527000000, 'netIncome': 94680000000, 'netIncomeRatio': 0.2588179336, 'eps': 5.67, 'epsdiluted': 
5.61, 'weightedAverageShsOut': 16701272000, 'weightedAverageShsOutDil': 16864919000, 'link': 'https://www.sec.gov/Archives/edgar/data/320193/000032019321000105/0000320193-21-000105-index.htm', 'finalLink': 'https://www.sec.gov/Archives/edgar/data/320193/000032019321000105/aapl-20210925.htm'}, 
 
{'date': '2020-09-26', 'symbol': 'AAPL', 'reportedCurrency': 'USD', 'cik': '0000320193', 'fillingDate': '2020-10-30', 'acceptedDate': '2020-10-29 18:06:25', 'calendarYear': '2020', 'period': 'FY', 'revenue': 274515000000, 'costOfRevenue': 169559000000, 'grossProfit': 104956000000, 'grossProfitRatio': 0.3823324773, 'researchAndDevelopmentExpenses': 18752000000, 'generalAndAdministrativeExpenses': 0, 'sellingAndMarketingExpenses': 0, 'sellingGeneralAndAdministrativeExpenses': 19916000000, 'otherExpenses': 0, 'operatingExpenses': 38668000000, 'costAndExpenses': 208227000000, 'interestIncome': 3763000000, 'interestExpense': 2873000000, 'depreciationAndAmortization': 11056000000, 'ebitda': 81020000000, 'ebitdaratio': 0.2951386992, 'operatingIncome': 66288000000, 'operatingIncomeRatio': 0.2414731435, 'totalOtherIncomeExpensesNet': 803000000, 'incomeBeforeTax': 67091000000, 'incomeBeforeTaxRatio': 0.2443983025, 'incomeTaxExpense': 9680000000, 'netIncome': 57411000000, 'netIncomeRatio': 0.2091361128, 
'eps': 3.31, 'epsdiluted': 3.28, 'weightedAverageShsOut': 17352119000, 'weightedAverageShsOutDil': 17528214000, 'link': 'https://www.sec.gov/Archives/edgar/data/320193/000032019320000096/0000320193-20-000096-index.htm', 'finalLink': 'https://www.sec.gov/Archives/edgar/data/320193/000032019320000096/aapl-20200926.htm'}
]


[{'date': '2024-09-28', 'symbol': 'AAPL', 'reportedCurrency': 'USD', 'cik': '0000320193', 'fillingDate': '2024-11-01', 'acceptedDate': '2024-11-01 06:01:36', 'calendarYear': '2024', 'period': 'FY', 'revenue': 391035000000, 'costOfRevenue': 210352000000, 'grossProfit': 180683000000, 'grossProfitRatio': 0.4620634982, 'researchAndDevelopmentExpenses': 31370000000, 'generalAndAdministrativeExpenses': 0, 'sellingAndMarketingExpenses': 0, 'sellingGeneralAndAdministrativeExpenses': 26097000000, 'otherExpenses': 0, 'operatingExpenses': 57467000000, 'costAndExpenses': 267819000000, 'interestIncome': 0, 'interestExpense': 0, 'depreciationAndAmortization': 11445000000, 'ebitda': 134661000000, 'ebitdaratio': 0.3443707085, 'operatingIncome': 123216000000, 'operatingIncomeRatio': 0.3151022287, 'totalOtherIncomeExpensesNet': 269000000, 'incomeBeforeTax': 123485000000, 'incomeBeforeTaxRatio': 0.3157901467, 'incomeTaxExpense': 29749000000, 'netIncome': 93736000000, 'netIncomeRatio': 0.2397125577, 'eps': 6.11, 'epsdiluted': 6.08, 'weightedAverageShsOut': 15343783000, 'weightedAverageShsOutDil': 15408095000, 'link': 'https://www.sec.gov/Archives/edgar/data/320193/000032019324000123/0000320193-24-000123-index.htm', 'finalLink': 'https://www.sec.gov/Archives/edgar/data/320193/000032019324000123/aapl-20240928.htm'}, {'date': '2023-09-30', 'symbol': 'AAPL', 'reportedCurrency': 'USD', 'cik': '0000320193', 'fillingDate': '2023-11-03', 'acceptedDate': '2023-11-02 18:08:27', 'calendarYear': '2023', 'period': 'FY', 'revenue': 383285000000, 'costOfRevenue': 214137000000, 'grossProfit': 169148000000, 'grossProfitRatio': 0.4413112958, 'researchAndDevelopmentExpenses': 29915000000, 'generalAndAdministrativeExpenses': 0, 'sellingAndMarketingExpenses': 0, 'sellingGeneralAndAdministrativeExpenses': 24932000000, 'otherExpenses': 0, 'operatingExpenses': 54847000000, 'costAndExpenses': 268984000000, 'interestIncome': 3750000000, 'interestExpense': 3933000000, 'depreciationAndAmortization': 11519000000, 'ebitda': 125820000000, 'ebitdaratio': 0.3282674772, 'operatingIncome': 114301000000, 'operatingIncomeRatio': 0.2982141227, 'totalOtherIncomeExpensesNet': -565000000, 'incomeBeforeTax': 113736000000, 'incomeBeforeTaxRatio': 0.2967400237, 'incomeTaxExpense': 16741000000, 'netIncome': 96995000000, 'netIncomeRatio': 0.2530623426, 'eps': 6.16, 'epsdiluted': 6.13, 'weightedAverageShsOut': 15744231000, 'weightedAverageShsOutDil': 15812547000, 'link': 'https://www.sec.gov/Archives/edgar/data/320193/000032019323000106/0000320193-23-000106-index.htm', 'finalLink': 'https://www.sec.gov/Archives/edgar/data/320193/000032019323000106/aapl-20230930.htm'}, {'date': '2022-09-24', 'symbol': 'AAPL', 'reportedCurrency': 'USD', 'cik': '0000320193', 'fillingDate': '2022-10-28', 'acceptedDate': '2022-10-27 18:01:14', 'calendarYear': '2022', 'period': 'FY', 'revenue': 394328000000, 'costOfRevenue': 223546000000, 'grossProfit': 170782000000, 'grossProfitRatio': 0.4330963056, 'researchAndDevelopmentExpenses': 26251000000, 'generalAndAdministrativeExpenses': 0, 'sellingAndMarketingExpenses': 0, 'sellingGeneralAndAdministrativeExpenses': 25094000000, 'otherExpenses': 0, 
'operatingExpenses': 51345000000, 'costAndExpenses': 274891000000, 'interestIncome': 2825000000, 'interestExpense': 2931000000, 'depreciationAndAmortization': 11104000000, 'ebitda': 130541000000, 'ebitdaratio': 0.3310467428, 'operatingIncome': 119437000000, 'operatingIncomeRatio': 0.302887444, 'totalOtherIncomeExpensesNet': -334000000, 'incomeBeforeTax': 119103000000, 'incomeBeforeTaxRatio': 0.3020404333, 'incomeTaxExpense': 19300000000, 'netIncome': 99803000000, 'netIncomeRatio': 0.2530964071, 'eps': 6.15, 'epsdiluted': 6.11, 'weightedAverageShsOut': 
16215963000, 'weightedAverageShsOutDil': 16325819000, 'link': 'https://www.sec.gov/Archives/edgar/data/320193/000032019322000108/0000320193-22-000108-index.htm', 'finalLink': 'https://www.sec.gov/Archives/edgar/data/320193/000032019322000108/aapl-20220924.htm'}, {'date': '2021-09-25', 'symbol': 'AAPL', 'reportedCurrency': 'USD', 'cik': '0000320193', 'fillingDate': '2021-10-29', 'acceptedDate': '2021-10-28 18:04:28', 'calendarYear': '2021', 'period': 'FY', 'revenue': 365817000000, 'costOfRevenue': 212981000000, 'grossProfit': 152836000000, 'grossProfitRatio': 0.4177935963, 'researchAndDevelopmentExpenses': 21914000000, 'generalAndAdministrativeExpenses': 0, 'sellingAndMarketingExpenses': 0, 'sellingGeneralAndAdministrativeExpenses': 21973000000, 'otherExpenses': 0, 'operatingExpenses': 43887000000, 'costAndExpenses': 256868000000, 'interestIncome': 2843000000, 'interestExpense': 2645000000, 'depreciationAndAmortization': 11284000000, 'ebitda': 123136000000, 'ebitdaratio': 0.3366054612, 'operatingIncome': 108949000000, 'operatingIncomeRatio': 0.2978237753, 'totalOtherIncomeExpensesNet': 258000000, 'incomeBeforeTax': 109207000000, 'incomeBeforeTaxRatio': 0.2985290459, 'incomeTaxExpense': 14527000000, 'netIncome': 94680000000, 'netIncomeRatio': 0.2588179336, 'eps': 5.67, 'epsdiluted': 
5.61, 'weightedAverageShsOut': 16701272000, 'weightedAverageShsOutDil': 16864919000, 'link': 'https://www.sec.gov/Archives/edgar/data/320193/000032019321000105/0000320193-21-000105-index.htm', 'finalLink': 'https://www.sec.gov/Archives/edgar/data/320193/000032019321000105/aapl-20210925.htm'}, {'date': '2020-09-26', 'symbol': 'AAPL', 'reportedCurrency': 'USD', 'cik': '0000320193', 'fillingDate': '2020-10-30', 'acceptedDate': '2020-10-29 18:06:25', 'calendarYear': '2020', 'period': 'FY', 'revenue': 274515000000, 'costOfRevenue': 169559000000, 'grossProfit': 104956000000, 'grossProfitRatio': 0.3823324773, 'researchAndDevelopmentExpenses': 18752000000, 'generalAndAdministrativeExpenses': 0, 'sellingAndMarketingExpenses': 0, 'sellingGeneralAndAdministrativeExpenses': 19916000000, 'otherExpenses': 0, 'operatingExpenses': 38668000000, 'costAndExpenses': 208227000000, 'interestIncome': 3763000000, 'interestExpense': 2873000000, 'depreciationAndAmortization': 11056000000, 'ebitda': 81020000000, 'ebitdaratio': 0.2951386992, 'operatingIncome': 66288000000, 'operatingIncomeRatio': 0.2414731435, 'totalOtherIncomeExpensesNet': 803000000, 'incomeBeforeTax': 67091000000, 'incomeBeforeTaxRatio': 0.2443983025, 'incomeTaxExpense': 9680000000, 'netIncome': 57411000000, 'netIncomeRatio': 0.2091361128, 
'eps': 3.31, 'epsdiluted': 3.28, 'weightedAverageShsOut': 17352119000, 'weightedAverageShsOutDil': 17528214000, 'link': 'https://www.sec.gov/Archives/edgar/data/320193/000032019320000096/0000320193-20-000096-index.htm', 'finalLink': 'https://www.sec.gov/Archives/edgar/data/320193/000032019320000096/aapl-20200926.htm'}]

[{'date': '2024-09-28', 'symbol': 'AAPL', 'reportedCurrency': 'USD', 'cik': '0000320193', 'fillingDate': '2024-11-01', 'acceptedDate': '2024-11-01 06:01:36', 'calendarYear': '2024', 'period': 'FY', 'revenue': 391035000000, 'costOfRevenue': 210352000000, 'grossProfit': 180683000000, 'grossProfitRatio': 0.4620634982, 'researchAndDevelopmentExpenses': 31370000000, 'generalAndAdministrativeExpenses': 0, 'sellingAndMarketingExpenses': 0, 'sellingGeneralAndAdministrativeExpenses': 26097000000, 'otherExpenses': 0, 'operatingExpenses': 57467000000, 'costAndExpenses': 267819000000, 'interestIncome': 0, 'interestExpense': 0, 'depreciationAndAmortization': 11445000000, 'ebitda': 134661000000, 'ebitdaratio': 0.3443707085, 'operatingIncome': 123216000000, 'operatingIncomeRatio': 0.3151022287, 'totalOtherIncomeExpensesNet': 269000000, 'incomeBeforeTax': 123485000000, 'incomeBeforeTaxRatio': 0.3157901467, 'incomeTaxExpense': 29749000000, 'netIncome': 93736000000, 'netIncomeRatio': 0.2397125577, 'eps': 6.11, 'epsdiluted': 6.08, 'weightedAverageShsOut': 15343783000, 'weightedAverageShsOutDil': 15408095000, 'link': 'https://www.sec.gov/Archives/edgar/data/320193/000032019324000123/0000320193-24-000123-index.htm', 'finalLink': 'https://www.sec.gov/Archives/edgar/data/320193/000032019324000123/aapl-20240928.htm'}, {'date': '2023-09-30', 'symbol': 'AAPL', 'reportedCurrency': 'USD', 'cik': '0000320193', 'fillingDate': '2023-11-03', 'acceptedDate': '2023-11-02 18:08:27', 'calendarYear': '2023', 'period': 'FY', 'revenue': 383285000000, 'costOfRevenue': 214137000000, 'grossProfit': 169148000000, 'grossProfitRatio': 0.4413112958, 'researchAndDevelopmentExpenses': 29915000000, 'generalAndAdministrativeExpenses': 0, 'sellingAndMarketingExpenses': 0, 'sellingGeneralAndAdministrativeExpenses': 24932000000, 'otherExpenses': 0, 'operatingExpenses': 54847000000, 'costAndExpenses': 268984000000, 'interestIncome': 3750000000, 'interestExpense': 3933000000, 'depreciationAndAmortization': 11519000000, 'ebitda': 125820000000, 'ebitdaratio': 0.3282674772, 'operatingIncome': 114301000000, 'operatingIncomeRatio': 0.2982141227, 'totalOtherIncomeExpensesNet': -565000000, 'incomeBeforeTax': 113736000000, 'incomeBeforeTaxRatio': 0.2967400237, 'incomeTaxExpense': 16741000000, 'netIncome': 96995000000, 'netIncomeRatio': 0.2530623426, 'eps': 6.16, 'epsdiluted': 6.13, 'weightedAverageShsOut': 15744231000, 'weightedAverageShsOutDil': 15812547000, 'link': 'https://www.sec.gov/Archives/edgar/data/320193/000032019323000106/0000320193-23-000106-index.htm', 'finalLink': 'https://www.sec.gov/Archives/edgar/data/320193/000032019323000106/aapl-20230930.htm'}, {'date': '2022-09-24', 'symbol': 'AAPL', 'reportedCurrency': 'USD', 'cik': '0000320193', 'fillingDate': '2022-10-28', 'acceptedDate': '2022-10-27 18:01:14', 'calendarYear': '2022', 'period': 'FY', 'revenue': 394328000000, 'costOfRevenue': 223546000000, 'grossProfit': 170782000000, 'grossProfitRatio': 0.4330963056, 'researchAndDevelopmentExpenses': 26251000000, 'generalAndAdministrativeExpenses': 0, 'sellingAndMarketingExpenses': 0, 'sellingGeneralAndAdministrativeExpenses': 25094000000, 'otherExpenses': 0, 
'operatingExpenses': 51345000000, 'costAndExpenses': 274891000000, 'interestIncome': 2825000000, 'interestExpense': 2931000000, 'depreciationAndAmortization': 11104000000, 'ebitda': 130541000000, 'ebitdaratio': 0.3310467428, 'operatingIncome': 119437000000, 'operatingIncomeRatio': 0.302887444, 'totalOtherIncomeExpensesNet': -334000000, 'incomeBeforeTax': 119103000000, 'incomeBeforeTaxRatio': 0.3020404333, 'incomeTaxExpense': 19300000000, 'netIncome': 99803000000, 'netIncomeRatio': 0.2530964071, 'eps': 6.15, 'epsdiluted': 6.11, 'weightedAverageShsOut': 
16215963000, 'weightedAverageShsOutDil': 16325819000, 'link': 'https://www.sec.gov/Archives/edgar/data/320193/000032019322000108/0000320193-22-000108-index.htm', 'finalLink': 'https://www.sec.gov/Archives/edgar/data/320193/000032019322000108/aapl-20220924.htm'}, {'date': '2021-09-25', 'symbol': 'AAPL', 'reportedCurrency': 'USD', 'cik': '0000320193', 'fillingDate': '2021-10-29', 'acceptedDate': '2021-10-28 18:04:28', 'calendarYear': '2021', 'period': 'FY', 'revenue': 365817000000, 'costOfRevenue': 212981000000, 'grossProfit': 152836000000, 'grossProfitRatio': 0.4177935963, 'researchAndDevelopmentExpenses': 21914000000, 'generalAndAdministrativeExpenses': 0, 'sellingAndMarketingExpenses': 0, 'sellingGeneralAndAdministrativeExpenses': 21973000000, 'otherExpenses': 0, 'operatingExpenses': 43887000000, 'costAndExpenses': 256868000000, 'interestIncome': 2843000000, 'interestExpense': 2645000000, 'depreciationAndAmortization': 11284000000, 'ebitda': 123136000000, 'ebitdaratio': 0.3366054612, 'operatingIncome': 108949000000, 'operatingIncomeRatio': 0.2978237753, 'totalOtherIncomeExpensesNet': 258000000, 'incomeBeforeTax': 109207000000, 'incomeBeforeTaxRatio': 0.2985290459, 'incomeTaxExpense': 14527000000, 'netIncome': 94680000000, 'netIncomeRatio': 0.2588179336, 'eps': 5.67, 'epsdiluted': 
5.61, 'weightedAverageShsOut': 16701272000, 'weightedAverageShsOutDil': 16864919000, 'link': 'https://www.sec.gov/Archives/edgar/data/320193/000032019321000105/0000320193-21-000105-index.htm', 'finalLink': 'https://www.sec.gov/Archives/edgar/data/320193/000032019321000105/aapl-20210925.htm'}, {'date': '2020-09-26', 'symbol': 'AAPL', 'reportedCurrency': 'USD', 'cik': '0000320193', 'fillingDate': '2020-10-30', 'acceptedDate': '2020-10-29 18:06:25', 'calendarYear': '2020', 'period': 'FY', 'revenue': 274515000000, 'costOfRevenue': 169559000000, 'grossProfit': 104956000000, 'grossProfitRatio': 0.3823324773, 'researchAndDevelopmentExpenses': 18752000000, 'generalAndAdministrativeExpenses': 0, 'sellingAndMarketingExpenses': 0, 'sellingGeneralAndAdministrativeExpenses': 19916000000, 'otherExpenses': 0, 'operatingExpenses': 38668000000, 'costAndExpenses': 208227000000, 'interestIncome': 3763000000, 'interestExpense': 2873000000, 'depreciationAndAmortization': 11056000000, 'ebitda': 81020000000, 'ebitdaratio': 0.2951386992, 'operatingIncome': 66288000000, 'operatingIncomeRatio': 0.2414731435, 'totalOtherIncomeExpensesNet': 803000000, 'incomeBeforeTax': 67091000000, 'incomeBeforeTaxRatio': 0.2443983025, 'incomeTaxExpense': 9680000000, 'netIncome': 57411000000, 'netIncomeRatio': 0.2091361128, 
'eps': 3.31, 'epsdiluted': 3.28, 'weightedAverageShsOut': 17352119000, 'weightedAverageShsOutDil': 17528214000, 'link': 'https://www.sec.gov/Archives/edgar/data/320193/000032019320000096/0000320193-20-000096-index.htm', 'finalLink': 'https://www.sec.gov/Archives/edgar/data/320193/000032019320000096/aapl-20200926.htm'}]


[{'date': '2025-03-29', 'symbol': 'AAPL', 'reportedCurrency': 'USD', 'cik': '0000320193', 'filingDate': '2025-05-02', 'acceptedDate': '2025-05-02 06:00:46', 'fiscalYear': '2025', 'period': 'Q2', 'revenue': 95359000000, 'costOfRevenue': 50492000000, 'grossProfit': 44867000000, 'researchAndDevelopmentExpenses': 8550000000, 'generalAndAdministrativeExpenses': 0, 'sellingAndMarketingExpenses': 0, 'sellingGeneralAndAdministrativeExpenses': 6728000000, 'otherExpenses': 0, 'operatingExpenses': 15278000000, 'costAndExpenses': 65770000000, 'netInterestIncome': 
0, 'interestIncome': 0, 'interestExpense': 0, 'depreciationAndAmortization': 2661000000, 'ebitda': 32250000000, 'ebit': 29589000000, 'nonOperatingIncomeExcludingInterest': 0, 'operatingIncome': 29589000000, 'totalOtherIncomeExpensesNet': -279000000, 'incomeBeforeTax': 29310000000, 'incomeTaxExpense': 4530000000, 'netIncomeFromContinuingOperations': 24780000000, 'netIncomeFromDiscontinuedOperations': 0, 'otherAdjustmentsToNetIncome': 0, 'netIncome': 24780000000, 'netIncomeDeductions': 0, 'bottomLineNetIncome': 24780000000, 'eps': 1.65, 'epsDiluted': 1.65, 'weightedAverageShsOut': 14994082000, 'weightedAverageShsOutDil': 15056133000}, 

{'date': '2024-03-30', 'symbol': 'AAPL', 'reportedCurrency': 'USD', 'cik': '0000320193', 'filingDate': 
'2024-05-03', 'acceptedDate': '2024-05-02 18:04:25', 'fiscalYear': '2024', 'period': 'Q2', 'revenue': 90753000000, 'costOfRevenue': 48482000000, 'grossProfit': 42271000000, 'researchAndDevelopmentExpenses': 7903000000, 'generalAndAdministrativeExpenses': 0, 'sellingAndMarketingExpenses': 0, 'sellingGeneralAndAdministrativeExpenses': 6468000000, 'otherExpenses': 0, 'operatingExpenses': 14371000000, 'costAndExpenses': 62853000000, 'netInterestIncome': 0, 'interestIncome': 0, 'interestExpense': 0, 'depreciationAndAmortization': 2836000000, 'ebitda': 30736000000, 'ebit': 27900000000, 'nonOperatingIncomeExcludingInterest': 0, 'operatingIncome': 27900000000, 'totalOtherIncomeExpensesNet': 158000000, 'incomeBeforeTax': 28058000000, 'incomeTaxExpense': 4422000000, 'netIncomeFromContinuingOperations': 23636000000, 'netIncomeFromDiscontinuedOperations': 0, 'otherAdjustmentsToNetIncome': 0, 'netIncome': 23636000000, 'netIncomeDeductions': 0, 'bottomLineNetIncome': 23636000000, 'eps': 1.53, 'epsDiluted': 1.53, 'weightedAverageShsOut': 15405856000, 'weightedAverageShsOutDil': 15464709000}, 

{'date': '2023-04-01', 'symbol': 'AAPL', 'reportedCurrency': 'USD', 'cik': '0000320193', 'filingDate': '2023-05-05', 'acceptedDate': '2023-05-04 18:03:52', 'fiscalYear': '2023', 'period': 'Q2', 'revenue': 94836000000, 'costOfRevenue': 52860000000, 'grossProfit': 41976000000, 'researchAndDevelopmentExpenses': 7457000000, 'generalAndAdministrativeExpenses': 0, 'sellingAndMarketingExpenses': 0, 'sellingGeneralAndAdministrativeExpenses': 6201000000, 'otherExpenses': 0, 'operatingExpenses': 13658000000, 'costAndExpenses': 66518000000, 'netInterestIncome': -12000000, 'interestIncome': 918000000, 'interestExpense': 930000000, 'depreciationAndAmortization': 2898000000, 'ebitda': 31216000000, 'ebit': 28318000000, 'nonOperatingIncomeExcludingInterest': 0, 'operatingIncome': 28318000000, 'totalOtherIncomeExpensesNet': 64000000, 'incomeBeforeTax': 28382000000, 'incomeTaxExpense': 4222000000, 'netIncomeFromContinuingOperations': 24160000000, 'netIncomeFromDiscontinuedOperations': 0, 'otherAdjustmentsToNetIncome': 0, 'netIncome': 24160000000, 'netIncomeDeductions': 0, 'bottomLineNetIncome': 24160000000, 'eps': 1.53, 'epsDiluted': 1.52, 'weightedAverageShsOut': 15787154000, 'weightedAverageShsOutDil': 15847050000}, 

{'date': '2022-03-26', 'symbol': 'AAPL', 'reportedCurrency': 'USD', 'cik': '0000320193', 'filingDate': '2022-04-29', 'acceptedDate': '2022-04-28 18:03:58', 'fiscalYear': '2022', 'period': 'Q2', 'revenue': 97278000000, 'costOfRevenue': 54719000000, 'grossProfit': 42559000000, 'researchAndDevelopmentExpenses': 6387000000, 'generalAndAdministrativeExpenses': 0, 'sellingAndMarketingExpenses': 0, 'sellingGeneralAndAdministrativeExpenses': 6193000000, 'otherExpenses': 0, 'operatingExpenses': 12580000000, 'costAndExpenses': 67299000000, 'netInterestIncome': 9000000, 'interestIncome': 700000000, 'interestExpense': 691000000, 'depreciationAndAmortization': 2737000000, 'ebitda': 33567000000, 'ebit': 30830000000, 'nonOperatingIncomeExcludingInterest': -851000000, 'operatingIncome': 29979000000, 'totalOtherIncomeExpensesNet': 160000000, 'incomeBeforeTax': 30139000000, 'incomeTaxExpense': 5129000000, 'netIncomeFromContinuingOperations': 25010000000, 'netIncomeFromDiscontinuedOperations': 0, 'otherAdjustmentsToNetIncome': 0, 'netIncome': 25010000000, 'netIncomeDeductions': 0, 'bottomLineNetIncome': 25010000000, 'eps': 1.54, 'epsDiluted': 1.52, 'weightedAverageShsOut': 16278802000, 'weightedAverageShsOutDil': 16403316000}, 

{'date': '2021-03-27', 'symbol': 'AAPL', 'reportedCurrency': 'USD', 'cik': '0000320193', 'filingDate': '2021-04-29', 'acceptedDate': '2021-04-28 18:02:54', 'fiscalYear': '2021', 
'period': 'Q2', 'revenue': 89584000000, 'costOfRevenue': 51505000000, 'grossProfit': 38079000000, 'researchAndDevelopmentExpenses': 5262000000, 'generalAndAdministrativeExpenses': 0, 'sellingAndMarketingExpenses': 0, 'sellingGeneralAndAdministrativeExpenses': 5314000000, 'otherExpenses': 0, 'operatingExpenses': 10576000000, 'costAndExpenses': 62081000000, 'netInterestIncome': 48000000, 'interestIncome': 718000000, 'interestExpense': 670000000, 'depreciationAndAmortization': 2797000000, 'ebitda': 31478000000, 'ebit': 28681000000, 'nonOperatingIncomeExcludingInterest': -1178000000, 'operatingIncome': 27503000000, 'totalOtherIncomeExpensesNet': 508000000, 'incomeBeforeTax': 28011000000, 'incomeTaxExpense': 4381000000, 'netIncomeFromContinuingOperations': 23630000000, 'netIncomeFromDiscontinuedOperations': 0, 'otherAdjustmentsToNetIncome': 0, 'netIncome': 23630000000, 'netIncomeDeductions': 0, 'bottomLineNetIncome': 23630000000, 'eps': 1.41, 'epsDiluted': 1.4, 'weightedAverageShsOut': 16753476000, 'weightedAverageShsOutDil': 16929157000}]